@data{1c4a6dc7-2bc3-4d90-bf00-758b23706f5f,
  doi = {10.6084/m9.figshare.971053},
  url = {http://dx.doi.org/10.6084/m9.figshare.971053},
  author = {Juan j. Merelo; Pedro Castillo; },
  publisher = {Figshare},
  title = {Algorithm-Evolutionary},
  year = {2014}
}