@ARTICLE{Jin2005303,
author={Jin, Y. and Branke, J.},
title={Evolutionary optimization in uncertain environments - A survey},
journal={IEEE Transactions on Evolutionary Computation},
year={2005},
volume={9},
number={3},
pages={303-317},
note={cited By (since 1996)576},
url={http://www.scopus.com/inward/record.url?eid=2-s2.0-21044438483&partnerID=40&md5=47e8c3f7f214c61e85c7cdf3ed5775b7},
document_type={Review},
source={Scopus},
}


@ARTICLE{Iacca20121248,
author={Iacca, G. and Neri, F. and Mininno, E.},
title={Noise analysis compact differential evolution},
journal={International Journal of Systems Science},
year={2012},
volume={43},
number={7},
pages={1248-1267},
note={cited By (since 1996)1},
url={http://www.scopus.com/inward/record.url?eid=2-s2.0-84861829870&partnerID=40&md5=856527f0b6c974e1092f5b99a4be2775},
document_type={Article},
source={Scopus},
}

@ARTICLE{Hansen2009180,
author={Hansen, N. and Niederberger, A.S.P. and Guzzella, L. and Koumoutsakos, P.},
title={A method for handling uncertainty in evolutionary optimization with an application to feedback control of combustion},
journal={IEEE Transactions on Evolutionary Computation},
year={2009},
volume={13},
number={1},
pages={180-197},
note={cited By (since 1996)50},
url={http://www.scopus.com/inward/record.url?eid=2-s2.0-59749085404&partnerID=40&md5=5e4efa38e0ffd298448c6bce818d3540},
document_type={Article},
source={Scopus},
}

@CONFERENCE{Rudolph2001318,
author={Rudolph, G.},
title={A partial order approach to noisy fitness functions},
journal={Proceedings of the IEEE Conference on Evolutionary Computation, ICEC},
year={2001},
volume={1},
pages={318-325},
note={cited By (since 1996)26},
url={http://www.scopus.com/inward/record.url?eid=2-s2.0-0034878737&partnerID=40&md5=c61c6b81251588b720c375234e4fe66e},
document_type={Conference Paper},
source={Scopus},
}
