@incollection{jakobi1995noise,
  title={Noise and the reality gap: The use of simulation in evolutionary robotics},
  author={Jakobi, Nick and Husbands, Phil and Harvey, Inman},
  booktitle={Advances in artificial life},
  pages={704--720},
  year={1995},
  publisher={Springer}
}