@article{lara2014balance,
  title={On balance and dynamism in procedural content generation with self-adaptive evolutionary algorithms},
 author    = {Ra{\'{u}}l Lara{-}Cabrera and
               Carlos Cotta and
               Antonio Jos{\'{e}} Fern{\'{a}}ndez-Leiva},
  journal={Natural Computing},
  volume={13},
  number={2},
  pages={157--168},
  year={2014},
  publisher={Springer Netherlands}
}






@article{wilcoxon:1945,
	Author = {Wilcoxon, F.},
	Journal = {Biometrics Bulletin},
	Number = {6},
	Pages = {80--83},
	Title = {Individual Comparisons by Ranking Methods},
	Volume = {1},
	Year = {1945}
}


